<?xml version="1.0" encoding="UTF-8"?><record xmlns="http://www.loc.gov/MARC21/slim" xmlns:cinclude="http://apache.org/cocoon/include/1.0" xmlns:zs="http://www.loc.gov/zing/srw/">
  <leader>00811cz  a2200193n  4500</leader>
  <controlfield tag="001">n  88136441 </controlfield>
  <controlfield tag="003">DLC</controlfield>
  <controlfield tag="005">20081016081046.0</controlfield>
  <controlfield tag="008">890927n| acannaabn          |b ana      </controlfield>
  <datafield tag="010" ind1=" " ind2=" ">
    <subfield code="a">n  88136441 </subfield>
  </datafield>
  <datafield tag="035" ind1=" " ind2=" ">
    <subfield code="a">(OCoLC)oca02606287</subfield>
  </datafield>
  <datafield tag="040" ind1=" " ind2=" ">
    <subfield code="a">DLC</subfield>
    <subfield code="b">eng</subfield>
    <subfield code="c">DLC</subfield>
    <subfield code="d">OCoLC</subfield>
  </datafield>
  <datafield tag="110" ind1="2" ind2=" ">
    <subfield code="a">Tōa Kenkyūjo (Tokyo, Japan).</subfield>
    <subfield code="b">Dai 3-bu</subfield>
  </datafield>
  <datafield tag="410" ind1="2" ind2=" ">
    <subfield code="a">東亜研究所 (Tokyo, Japan).</subfield>
    <subfield code="b">第3部</subfield>
  </datafield>
  <datafield tag="410" ind1="2" ind2=" ">
    <subfield code="a">東亞研究所 (Tokyo, Japan).</subfield>
    <subfield code="b">第3部</subfield>
  </datafield>
  <datafield tag="410" ind1="2" ind2=" ">
    <subfield code="a">東亞硏究所 (Tokyo, Japan).</subfield>
    <subfield code="b">第3部</subfield>
  </datafield>
  <datafield tag="667" ind1=" " ind2=" ">
    <subfield code="a">Machine-derived non-Latin script reference project.</subfield>
  </datafield>
  <datafield tag="667" ind1=" " ind2=" ">
    <subfield code="a">Non-Latin script references not evaluated.</subfield>
  </datafield>
  <datafield tag="670" ind1=" " ind2=" ">
    <subfield code="a">Shina okuchi shiryō ihō ; dai 1-shū. Ying yung fen tou shih chʻi nien. Japanese. Chūgoku Kyōsantō jūshichinenshi, 1941:</subfield>
    <subfield code="b">t.p. (imp.: Tōa Kenkyūjo) t.p. verso (Dai 3-bu)</subfield>
  </datafield>
</record>